
@techreport{commissionPublicNoticeTerms2008,
  title = {Public {{Notice}} for {{Terms}} of {{Reference}} by 13th {{Finance Commission}}},
  author = {Commission, Finance},
  year = {2008},
  month = jan,
  journal = {Working Papers},
  number = {id:1341},
  institution = {{eSocialSciences}},
  abstract = {The 13th finance commission invites suggestions on issues related to its terms of reference from the members of general public, instituitions, and organizations.},
  langid = {english},
  keywords = {finance commission,public},
  file = {C\:\\Users\\luigi\\Zotero\\storage\\ART7FWNK\\id1341.html}
}


